
@online{noauthor_software_nodate,
	title = {Software Engineering},
	url = {https://www.unibw.de/software-engineering},
	titleaddon = {Software-Engineering},
	urldate = {2022-07-25},
	langid = {german},
	file = {Snapshot:/Users/maximilianhelfrich/Zotero/storage/SUFWSRHS/software-engineering.html:text/html},
}